@inproceedings{ahmed2022cryptographic,
	title={Cryptographic Data Security for IoT Healthcare in 5G and Beyond Networks},
	author={Ahmed, Sabrina and Subah, Zareen and Ali, Mohammed Zamshed},
	booktitle={2022 IEEE Sensors},
	pages={1--4},
	year={2022},
	organization={IEEE}
}

@article{hu2015mobile,
	title={Mobile edge computingâ€”A key technology towards 5G},
	author={Hu, Yun Chao and Patel, Milan and Sabella, Dario and Sprecher, Nurit and Young, Valerie},
	journal={ETSI white paper},
	volume={11},
	number={11},
	pages={1--16},
	year={2015},
	publisher={London, UK}
}

@MISC{bsnlwebsite,
	HOWPUBLISHED = "\url{https://portal.bsnl.in/myportal/}",
	TITLE = "BSNL",
	NOTE = "Accessed on 2021-01-21"
}	

@MISC{samv71datasheet,
	HOWPUBLISHED = "\url{https://ww1.microchip.com/downloads/en/DeviceDoc/Atmel-44003-32-bit-Cortex-M7-Microcontroller-SAM-V71Q-SAM-V71N-SAM-V71J_Datasheet.pdf}",
	TITLE = "SAM V71",
	NOTE = "Accessed on 2023-12-05"
}